<?xml version="1.0" encoding="UTF-8"?><record xmlns="http://www.loc.gov/MARC21/slim" xmlns:cinclude="http://apache.org/cocoon/include/1.0" xmlns:zs="http://www.loc.gov/zing/srw/">
  <leader>00606nz  a2200157n  4500</leader>
  <controlfield tag="001">no2013141855</controlfield>
  <controlfield tag="003">DLC</controlfield>
  <controlfield tag="005">20131220073503.0</controlfield>
  <controlfield tag="008">131218n| azannaabn          |n ana     c</controlfield>
  <datafield tag="010" ind1=" " ind2=" ">
    <subfield code="a">no2013141855</subfield>
  </datafield>
  <datafield tag="035" ind1=" " ind2=" ">
    <subfield code="a">(OCoLC)oca09641712</subfield>
  </datafield>
  <datafield tag="040" ind1=" " ind2=" ">
    <subfield code="a">OBgU-MA</subfield>
    <subfield code="b">eng</subfield>
    <subfield code="e">rda</subfield>
    <subfield code="c">OBgU-MA</subfield>
  </datafield>
  <datafield tag="110" ind1="2" ind2=" ">
    <subfield code="a">Motorhoney (Musical group)</subfield>
  </datafield>
  <datafield tag="368" ind1=" " ind2=" ">
    <subfield code="a">Rock groups</subfield>
    <subfield code="2">lcsh</subfield>
  </datafield>
  <datafield tag="372" ind1=" " ind2=" ">
    <subfield code="a">Rock music</subfield>
    <subfield code="2">lcsh</subfield>
  </datafield>
  <datafield tag="670" ind1=" " ind2=" ">
    <subfield code="a">Another Damned Seattle compilation, p1991:</subfield>
    <subfield code="b">container (Motorhoney) insert (members: Maryellen Cooley, bass, vocals; Lulu Gargiulo, drums, vocals; Kim Warnick, guitar, vocals; Ayne martin, vocals; Ihm, keyboards; rock group)</subfield>
  </datafield>
</record>